<?xml version="1.0" encoding="UTF-8"?>
<record xmlns="http://www.loc.gov/MARC21/slim" xmlns:xsi="http://www.w3.org/2001/XMLSchema-instance" xsi:schemaLocation="http://www.loc.gov/MARC21/slim http://www.loc.gov/standards/marcxml/schema/MARC21slim.xsd">
<leader>     cam a2200265   4500</leader>
<controlfield tag="001">001678283</controlfield>
<controlfield tag="003">NNU</controlfield>
<controlfield tag="005">20001218204133.0</controlfield>
<controlfield tag="008">901203s1963    sy a          000 0 ararc</controlfield>
<datafield tag="010" ind1=" " ind2=" ">
<subfield code="a">ne 63002163</subfield>
</datafield>
<datafield tag="035" ind1="9" ind2=" ">
<subfield code="a">NYUb12221668</subfield>
</datafield>
<datafield tag="035" ind1=" " ind2=" ">
<subfield code="a">(NSyU)notisAFB1983</subfield>
</datafield>
<datafield tag="035" ind1=" " ind2=" ">
<subfield code="a">(OCoLC)22769209</subfield>
</datafield>
<datafield tag="035" ind1=" " ind2=" ">
<subfield code="a">(CStRLIN)NYSXAFB1983-B</subfield>
</datafield>
<datafield tag="040" ind1=" " ind2=" ">
<subfield code="a">Princeton Univ. Libr.</subfield>
<subfield code="c">WAU</subfield>
<subfield code="d">WAU</subfield>
<subfield code="d">SYB</subfield>
</datafield>
<datafield tag="043" ind1=" " ind2=" ">
<subfield code="a">a-sy---</subfield>
</datafield>
<datafield tag="050" ind1="0" ind2=" ">
<subfield code="a">DS99.P17</subfield>
<subfield code="b">B8</subfield>
</datafield>
<datafield tag="100" ind1="1" ind2=" ">
<subfield code="a">Bunnī, ʻAdnān.</subfield>
</datafield>
<datafield tag="245" ind1="1" ind2="3">
<subfield code="a">al-Fann al-Tadmurī</subfield>
<subfield code="c">[taʼlīf] ʻAdnān al-Bunnī.</subfield>
</datafield>
<datafield tag="260" ind1=" " ind2=" ">
<subfield code="a">[Dimashq,</subfield>
<subfield code="b">al-Majlis al-Aʻlá li-Riʻāyat al-Funūn wa-al-Ādāb wa-al-ʻUlūm al-Ijtimāʻīyah,</subfield>
<subfield code="c">1963?]</subfield>
</datafield>
<datafield tag="300" ind1=" " ind2=" ">
<subfield code="a">86 p.</subfield>
<subfield code="b">illus.</subfield>
<subfield code="c">20 cm.</subfield>
</datafield>
<datafield tag="490" ind1="0" ind2=" ">
<subfield code="a">Silsilat tārīkh al-fann fī Sūrīyah,</subfield>
<subfield code="v">3</subfield>
</datafield>
<datafield tag="651" ind1=" " ind2="0">
<subfield code="a">Tadmur (Syria)</subfield>
<subfield code="x">Antiquities.</subfield>
</datafield>
<datafield tag="OWN" ind1=" " ind2=" ">
<subfield code="a">GENERAL</subfield>
</datafield>
<datafield tag="950" ind1=" " ind2=" ">
<subfield code="l">BMAIN</subfield>
<subfield code="a">DS99.P17</subfield>
<subfield code="b">B8</subfield>
</datafield>
<datafield tag="955" ind1=" " ind2=" ">
<subfield code="l">BMAIN</subfield>
<subfield code="c">1</subfield>
<subfield code="r">029148700</subfield>
</datafield>
<datafield tag="998" ind1=" " ind2=" ">
<subfield code="s">9115</subfield>
</datafield>
<datafield tag="AVA" ind1=" " ind2=" ">
<subfield code="a">NYU50</subfield>
<subfield code="b">BOBST</subfield>
<subfield code="c">Main Collection</subfield>
<subfield code="d">DS99.P17 B8</subfield>
<subfield code="e">unavailable</subfield>
<subfield code="t">Unavailable</subfield>
<subfield code="f">1</subfield>
<subfield code="g">1</subfield>
<subfield code="h">N</subfield>
<subfield code="i">0</subfield>
<subfield code="j">MAIN</subfield>
<subfield code="k">0</subfield>
</datafield>
</record>
